@article{Dreyfus_1969, 
title={An appraisal of some Shortest-Path algorithms},
volume={17}, 
url={https://doi.org/10.1287/opre.17.3.395},
DOI={10.1287/opre.17.3.395},
number={3}, 
journal={Operations Research},
author={Dreyfus, Stuart E.}, 
year={1969},
month=jun, 
pages={395-412}
}

@article{pollack_wibenson,
  author          = {M. POLLACK AND W. WIEBENSON},
  title           = {Solution of the Shortest-Route Problem-A indent Review},
  series          = {Opns. Res. 8, 224-230},
  year            = {1960}
}

@article{hoffman_pavley,
  author          = {W. HOFFMAN AND R. PAVLEY},
  journal         = {J. ACM},
  pages           = {506-514},
  title           = {A Method for the Solution of the Nth Best Path Problem},
  volume          = {6},
  year            = {1959}
}

@article{bellman_kalaba,
  author          = {R. BELLMAN AND R. KALABA},
  journal         = {J. SIAM},
  pages           = {582-588},
  title           = {On kth Best Policies},
  volume          = {8},
  year            = {1960}
}

@article{m_pollack,
  author          = {M. POLLACK},
  journal         = {J. Math. Anal√°nd and Appl.},
  pages           = {547-559},
  title           = {Solutions of the kth Best Route through a Network-A Re-view},
  volume          = {3},
  year            = {1961}
}



@article{kumar,
  author          = {J. P. SAKSENA AND S. KUMAR},
  journal         = {Opns. Res.},
  pages           = {909-913},
  title           = {"The Routing Problem with 'K' Specified Nodes},
  volume          = {14},
  year            = {1966}
}



@article{halsey,
  author          = {K. L. COOKE AND E. HALSEY},
  journal         = {J. Math. Anal. and Appl.},
  pages           = {493-498},
  title           = {"The Shortest Route through a Network with Time-Dependent Internodal Transit Tim},
  volume          = {14},
  year            = {1966}
}